<?xml version="1.0" encoding="UTF-8"?><collection xmlns="http://www.loc.gov/MARC21/slim"><record><leader>00427nam--2200157-i-4500</leader><controlfield tag="001">000016389</controlfield><controlfield tag="002">20161230</controlfield><controlfield tag="005">20170128144515</controlfield><controlfield tag="008">060222s1000------------r-----000-0-eng-d</controlfield><datafield ind1=" " ind2=" " tag="080"><subfield code="a">543.422.25 (043)</subfield></datafield><datafield ind1=" " ind2=" " tag="100"><subfield code="a">Brevard, Christian</subfield></datafield><datafield ind1=" " ind2=" " tag="245"><subfield code="a">Etude de la dynamique moleculaire par marqua ge quadrupolaire</subfield><subfield code="b">these</subfield></datafield><datafield ind1=" " ind2=" " tag="260"><subfield code="a">Faculte Des Sciences</subfield><subfield code="c">1971</subfield></datafield><datafield ind1=" " ind2=" " tag="300"><subfield code="a">101 p</subfield></datafield><datafield ind1=" " ind2=" " tag="852"><subfield code="a">78171</subfield></datafield><datafield ind1=" " ind2=" " tag="CAT"><subfield code="a">SYS</subfield><subfield code="c">20170128</subfield><subfield code="h">144515</subfield></datafield></record></collection>